@inproceedings{bersch12interactive,
  author    = {Christian  Bersch and  Dejan  Pangercic and Sarah
                  Osentoski and Karol Hausman and Zoltan-Csaba Marton
                  and Ryohei Ueda and Kei Okada and  Michael Beetz},
  title     = {Segmentation of Cluttered Scenes through Interactive Perception},
  booktitle = {RSS Workshop on Robots in Clutter: Manipulation, Perception and Navigation in Human Environments},
  year      = {2012},
  month     = {July 9--13},
  address   = {Sydney, Australia},
  bib2html_groups = {EnvMod},
  bib2html_pubtype = {Workshop Paper},
  bib2html_funding = {CoTeSys},
  bib2html_rescat  = {Perception},
  bib2html_domain  = {Assistive Household}
}

@inproceedings{rublee2011orb,
  title={ORB: an efficient alternative to SIFT or SURF},
  author={Rublee, Ethan and Rabaud, Vincent and Konolige, Kurt and Bradski, Gary},
  booktitle={Computer Vision (ICCV), 2011 IEEE International Conference on},
  pages={2564--2571},
  year={2011},
  organization={IEEE}
}

@inproceedings{alahi2012freak,
  title={Freak: Fast retina keypoint},
  author={Alahi, Alexandre and Ortiz, Raphael and Vandergheynst, Pierre},
  booktitle={Computer Vision and Pattern Recognition (CVPR), 2012 IEEE Conference on},
  pages={510--517},
  year={2012},
  organization={IEEE}
}

@incollection{rosten2006machine,
  title={Machine learning for high-speed corner detection},
  author={Rosten, Edward and Drummond, Tom},
  booktitle={Computer Vision--ECCV 2006},
  pages={430--443},
  year={2006},
  publisher={Springer}
}

@incollection{calonder2010brief,
  title={Brief: Binary robust independent elementary features},
  author={Calonder, Michael and Lepetit, Vincent and Strecha, Christoph and Fua, Pascal},
  booktitle={Computer Vision--ECCV 2010},
  pages={778--792},
  year={2010},
  publisher={Springer}
}

@incollection{bay2006surf,
  title={Surf: Speeded up robust features},
  author={Bay, Herbert and Tuytelaars, Tinne and Van Gool, Luc},
  booktitle={Computer Vision--ECCV 2006},
  pages={404--417},
  year={2006},
  publisher={Springer}
}





@article{ouadfel2003mrf,
  title={MRF-based image segmentation using Ant Colony System},
  author={Ouadfel, Salima and Batouche, Mohamed},
  journal={Electronic Letters on Computer Vision and Image Analysis},
  volume={2},
  number={2},
  pages={12--24},
  year={2003},
  publisher={Citeseer}
}

@inproceedings{tang2012textured,
  title={A textured object recognition pipeline for color and depth image data},
  author={Tang, Jie and Miller, Stephen and Singh, Arjun and Abbeel, Pieter},
  booktitle={Robotics and Automation (ICRA), 2012 IEEE International Conference on},
  pages={3467--3474},
  year={2012},
  organization={IEEE}
}

@incollection{van2013fusing,
  title={Fusing color and shape for bag-of-words based object recognition},
  author={van de Weijer, Joost and Khan, Fahad Shahbaz},
  booktitle={Computational Color Imaging},
  pages={25--34},
  year={2013},
  publisher={Springer}
}

@article{teoembedding,
  title={Embedding High-Level Information into Low Level Vision: Efficient Object Search in Clutter},
  author={Teo, Ching L and Myers, Austin and Ferm{\"u}ller, Cornelia and Aloimonos, Yiannis}
}

@inproceedings{nishigaki2012image,
  title={The image torque operator: A new tool for mid-level vision},
  author={Nishigaki, Morimichi and Fermuller, Cornelia and DeMenthon, Daniel},
  booktitle={Computer Vision and Pattern Recognition (CVPR), 2012 IEEE Conference on},
  pages={502--509},
  year={2012},
  organization={IEEE}
}

@inproceedings{drost20123d,
  title={3D Object Detection and Localization Using Multimodal Point Pair Features},
  author={Drost, Bertram and Ilic, Slobodan},
  booktitle={3D Imaging, Modeling, Processing, Visualization and Transmission (3DIMPVT), 2012 Second International Conference on},
  pages={9--16},
  year={2012},
  organization={IEEE}
}

@inproceedings{hinterstoisser2011multimodal,
  title={Multimodal templates for real-time detection of texture-less objects in heavily cluttered scenes},
  author={Hinterstoisser, Stefan and Holzer, Stefan and Cagniart, Cedric and Ilic, Slobodan and Konolige, Kurt and Navab, Nassir and Lepetit, Vincent},
  booktitle={Computer Vision (ICCV), 2011 IEEE International Conference on},
  pages={858--865},
  year={2011},
  organization={IEEE}
}

@inproceedings{lysenkov2012recognition,
  title={Recognition and Pose Estimation of Rigid Transparent Objects with a Kinect Sensor.},
  author={Lysenkov, Ilya and Eruhimov, Victor and Bradski, Gary R},
  booktitle={Robotics: Science and Systems},
  year={2012}
}



@conference {matei2010manipulation,
	title = {Mobile Manipulation Through An Assistive Home Robot},
	booktitle = {IROS},
	year = {2012},
	month = {10/2012},
	attachments = {http://www.willowgarage.com/sites/default/files/rfh_im.pdf},
	author = {Matei Ciocarlie and Kaijen Hsiao and Leeper, Adam and David Gossow}
}

@conference {polishthesis,
	title = {Interactive Segmentation of Textured and Textureless Objects in the Cluttered Scenes},
    booktitle = {Automation Control and Robotics},
	month = {08/2012},
	author = {Karol Hausman and Andrzej Maslowski}
}

@article{lowe2004distinctive,
  title={Distinctive image features from scale-invariant keypoints},
  author={Lowe, David G},
  journal={International journal of computer vision},
  volume={60},
  number={2},
  pages={91--110},
  year={2004},
  publisher={Springer}
}

@INPROCEEDINGS{Thrun02d,
  AUTHOR         = {Thrun, S.},
  TITLE          = {Particle Filters in Robotics},
  YEAR           = {2002},
  BOOKTITLE      = {Proceedings of the 17th Annual Conference on 
                    Uncertainty in AI (UAI)}
}


@InProceedings{Rusu_ICRA2011_PCL,
  author    = {Radu Bogdan Rusu and Steve Cousins},
  title     = {{3D is here: Point Cloud Library (PCL)}},
  booktitle = {{IEEE International Conference on Robotics and Automation (ICRA)}},
  month     = {May 9-13},
  year      = {2011},
  address   = {Shanghai, China}
}


@InProceedings{marton12SC,
  author =       {Zoltan-Csaba Marton and Ferenc Balint-Benczedi and Nico Blodow and Lucian Cosmin Goron and Michael Beetz},
  title =        {{Object Categorization in Clutter using Additive Features and Hashing of Part-graph Descriptors}},
  booktitle =    {Spatial Cognition},
  year =         {2012},
  bib2html_pubtype = {Conference Paper},
  bib2html_groups  = {EnvMod,K4C},
  bib2html_funding = {CoTeSys},   
  bib2html_rescat  = {Perception},
  bib2html_domain  = {Assistive Household}
}

@INPROCEEDINGS{Fox01KLD, 
  AUTHOR            = {Fox, D.}, 
  TITLE                  = {KLD-Sampling: Adaptive Particle Filters}, 
  YEAR                   = {2001}, 
  BOOKTITLE     = {Advances in Neural Information Processing Systems 14}, 
  PUBLISHER      = {MIT Press} 
} 

@inproceedings{AzadMAD11,
  author    = {Pedram Azad and
               David Munch and
               Tamim Asfour and
               R{\"u}diger Dillmann},
  title     = {6-DoF model-based tracking of arbitrarily shaped 3D objects},
  booktitle = {ICRA},
  year      = {2011}
}

@article{Walker,
 author = {Walker, Alastair J.},
 title = {An Efficient Method for Generating Discrete Random Variables with General Distributions},
 journal = {ACM Trans. Math. Softw.},
 issue_date = {Sept. 1977},
 volume = {3},
 number = {3},
 month = sep,
 year = {1977},
 pages = {253--256}
} 

@article{FelzenszwalbGraphBased,
 author = {Felzenszwalb, Pedro F. and Huttenlocher, Daniel P.},
 title = {Efficient Graph-Based Image Segmentation},
 journal = {Int. J. Comput. Vision},
 volume = {59},
 issue = {2},
 month = {September},
 year = {2004},
} 

@inproceedings{fitzpatrick_active_vision,
 author = {P. Fitzpatrick},
 title = {First contact: an active vision approach to segmentation},
 booktitle = {IEEE/RSJ Int. Conf. Intelligent Robots and Systems (IROS)},
 year = {2003}
} 

@inproceedings{KenneyInteractive,
 author = {Kenney, Jacqueline and Buckley, Thomas and Brock, Oliver},
 title = {Interactive segmentation for manipulation in unstructured environments},
 booktitle = {Proceedings of the 2009 IEEE international conference on Robotics and Automation},
 series = {ICRA'09},
 year = {2009},
 location = {Kobe, Japan},
} 

@ARTICLE{Vidal04two-viewmultibody,
    author = {René Vidal and Yi Ma and Stefano Soatto},
    title = {Two-view multibody structure from motion},
    journal = {International Journal of Computer Vision},
    year = {2004},
    volume = {68},
    pages = {2006}
}

@article{freddy,
  title="A Versatile Computer-Controlled Assembly System",
  author="A. P. Ambler and H. G. Barrow and C. M. Brown and R. M. Burstall and R. J. Popplestone",
  journal="Proc. Third Int. Joint Conf. on AI", 
  year="1973",
  address = {Stanford, California, USA}
}


@article{gupta11primitives,
  title="Using Manipulation Primitives for Brick Sorting in Clutter",
  author="Megha Gupta and Gaurav S. Sukhatme",
  journal="International Conference on Robotics and Automation (ICRA)", 
  year="2012",
  address = {St. Paul, Minessota, USA}
}

@article{chang11interactive,
  title="Interactive singulation of objects from a pile",
  author="Lillian Chang and Joshua R. Smith and Dieter Fox",
  journal="International Conference on Robotics and Automation (ICRA)", 
  year="2012",
  address = {St. Paul, Minessota, USA}
}

@article{sturm11jair,
  title="Learning Kinematic Models for Articulated Objects",
  author="J. Sturm and C. Stachniss and W. Burgard",
  journal="Journal on Artificial Intelligence Research (JAIR)", 
  year="2011",
  volume="41"
}

@book{shapiro2001computer,
  title={Computer visi{\'o}n},
  author={Shapiro, L.G. and Stockman, G.C.},
  isbn={9780130307965},
  lccn={00066556},
  url={http://books.google.de/books?id=FftDAQAAIAAJ},
  year={2001},
  publisher={Prentice Hall}
}

@inproceedings{mishra2012segmenting,
  title={Segmenting “simple” objects using RGB-D},
  author={Mishra, Ajay K and Shrivastava, Ashish and Aloimonos, Yiannis},
  booktitle={Robotics and Automation (ICRA), 2012 IEEE International Conference on},
  pages={4406--4413},
  year={2012},
  organization={IEEE}
}

@MISC{Lai_sparsedistance,
    author = {Kevin Lai and Liefeng Bo and Xiaofeng Ren and Dieter Fox},
    title = {Sparse Distance Learning for Object Recognition Combining RGB and Depth Information},
    booktitle = {ICRA},
    year      = {2011},
}

@inproceedings{PitzerShared,
  author    = {Benjamin Pitzer and
               Michael Styer and
               Christian Bersch and
               Charles DuHadway and
               Jan Becker},
  title     = {Towards perceptual shared autonomy for robotic mobile manipulation},
  booktitle = {ICRA},
  year      = {2011},
  pages     = {6245-6251},
}

@ARTICLE{Horn87closed-formsolution,
    author = {Berthold K. P. Horn},
    title = {Closed-form solution of absolute orientation using unit quaternions},
    journal = {Journal of the Optical Society of America A},
    year = {1987},
    volume = {4},
    number = {4},
    pages = {629--642}
}


@article{qtclustering,

    author = {Heyer, Laurie J. and Kruglyak, Semyon and Yooseph, Shibu},

    journal = {Genome Research},
    month = nov,
    number = {11},
    pages = {1106--1115},
    pmid = {10568750},
    posted-at = {2007-11-13 17:05:56},
    priority = {4},
    title = {{Exploring Expression Data: Identification and Analysis of Coexpressed Genes}},
    volume = {9},
    year = {1999}
}



@inproceedings{kootstra:icpr10, 
author={Geert Kootstra and Niklas Bergstr{\\\"o}m and Danica Kragic}, 
booktitle={Pattern Recognition (ICPR), 2010 20th International Conference on}, 
title={Using Symmetry to Select Fixation Points for Segmentation}, 
year={2010}, 
month={aug.}, 
pages={3894 -3897}, 
}

@phdthesis { RusuDoctoralDissertation,
	title = {Semantic 3D Object Maps for Everyday Manipulation in Human Living Environments},
	volume = {PhD},
	year = {2009},
	month = {10},
	pages = {284},
	school = {Technische Universit\"{a}t M\"{u}nchen},
	type = {PhD Thesis},
	address = {Munich, Germany},
	keywords = {},
	author = {Radu Bogdan Rusu}
}

@inproceedings {narf,
	title = {NARF: 3D Range Image Features for Object Recognition},
	booktitle = {Workshop on Defining and Solving Realistic Perception Problems in Personal Robotics at the IEEE/RSJ Int. Conf. on Intelligent Robots and Systems (IROS)},
	year = {2010},
	month = {October 8},
	address = {Taipei, Taiwan},
	author = {Bastian Steder and Radu Bogdan Rusu and Kurt Konolige and Wolfram Burgard}
}

@article{Shi_2000_3808,
   author = "Jianbo Shi and Jitendra Malik",
   title = "Normalized Cuts and Image Segmentation",
   journal = "IEEE Transactions on Pattern Analysis and Machine Intelligence (PAMI)",
   year = "2000",
}

@INPROCEEDINGS{Zucchelli02multipleplane,
    author = {Marco Zucchelli and Jose Santos-Victor and Henrik I. Christensen},
    title = {Multiple Plane Segmentation Using Optical Flow},
    booktitle = {in: British Machine Vision Conf., 2002},
    year = {2002},
    pages = {313--322}
}

@article{BoykovGraphCut,
 author = {Boykov, Yuri and Kolmogorov, Vladimir},
 title = {An Experimental Comparison of Min-Cut/Max-Flow Algorithms for Energy Minimization in Vision},
 journal = {IEEE Trans. Pattern Anal. Mach. Intell.},
 volume = {26},
 issue = {9},
 month = {September},
 year = {2004},
 issn = {0162-8828},
 pages = {1124--1137},
 numpages = {14},
} 

@inproceedings{Balch_2000_3584,
   author = "J. Bruce and Tucker Balch and Maria Manuela Veloso",
   title = "Fast and inexpensive color image segmentation for interactive robots",
   booktitle = "International Conference on Intelligent Robots and Systems (IROS '00)",
   pages = "2061 - 2066",
   month = "October",
   year = "2000",
   volume = "3",
}

@book{ModernApproach,
 author = {Forsyth, David A. and Ponce, Jean},
 title = {Computer Vision: A Modern Approach},
 year = {2002},
 isbn = {0130851981},
 publisher = {Prentice Hall Professional Technical Reference},
} 

@inproceedings{EidenbergerActive,
  author    = {Robert Eidenberger and
               Josef Scharinger},
  title     = {Active perception and scene modeling by planning with probabilistic
               6D object poses},
  booktitle = {IROS},
  year      = {2010},
  pages     = {1036-1043},
}

@inproceedings{Ciocarlie10RSS-graspingWS,
  author    = {Matei Ciocarlie and Kaijen Hsiao and E. Gil Jones and Sachin Chitta and Radu Bogdan Rusu and Ioan A. Sucan},
  title     = {Towards Reliable Grasping and Manipulation in Household Environments},
  booktitle = {Proceedings of RSS 2010 Workshop on Strategies and Evaluation for Mobile Manipulation in Household Environments},
  year      = {2010}
}


@inproceedings{Dogar_2010_6652,
   author = "Mehmet Dogar and Siddhartha Srinivasa",
   title = "Push-Grasping with Dexterous Hands: Mechanics and a Method",
   booktitle = "International Conference on Intelligent Robots and Systems (IROS 2010)",
   month = "October",
   year = "2010",
}

@proceedings {HsiaoReactive,
	title = {Contact-Reactive Grasping of Objects with Partial Shape Information},
	year = {2010},
	month = {10/2010},
	keywords = {},
	author = {Kaijen Hsiao and Sachin Chitta and Matei Ciocarlie and E. Gil Jones}
}


@article{SuzukiA85,
  author    = {Satoshi Suzuki and
               Keiichi Abe},
  title     = {Topological structural analysis of digitized binary images
               by border following},
  journal   = {Computer Vision, Graphics, and Image Processing},
  volume    = {30},
  number    = {1},
  year      = {1985},
  pages     = {32-46}
}

@InProceedings{GRSD10Humanoids,
  author    = {Zoltan-Csaba Marton and Dejan Pangercic and Radu Bogdan Rusu and Andreas Holzbach and Michael Beetz},
  title     = {Hierarchical Object Geometric Categorization and Appearance Classification for Mobile Manipulation},
  booktitle = {International Conference on Humanoid Robots},
  month     = {December 6-8},
  year      = {2010},
  address   = {Nashville, TN, USA}
}

@InProceedings{bergstrom11icvs,
  author    = {Niklas Bergstr\"{o}m and Carl Henrik Ek and Mårten Björkman and Danica Kragic},
  title     = {Scene Understanding through Interactive Perception},
  booktitle = {In 8th International Conference on Computer Vision Systems (ICVS)},
  month     = {September},
  year      = {2011},
  address   = {Sophia Antipolis},
}

@inproceedings{Katz-08a1,
Author = {Dov Katz and Oliver Brock},
Title = {Manipulating Articulated Objects with Interactive Perception},
Year = {2008},
Pages = {272-277},
Month = {May 19-23},
Address = {Pasadena, USA},
Booktitle = {International Conference on Advanced Robotics} 
}


@inproceedings{Lucas_1981_2548,
   author = "BruceD. Lucas and Takeo Kanade",
   title = "An Iterative Image Registration Technique with an Application to Stereo Vision (IJCAI)",
   booktitle = "International Joint Conference on Artificial Intelligence (IJCAI '81)",
   pages = "674-679",
   month = "April",
   year = "1981",
}

@book {openCV,
	title = {Learning OpenCV},
	year = {2008},
	publisher = {O{\textquoteright}Reilly Media Inc.},
	author = {Gary Bradski and Adrian Kaehler}
}

@inproceedings{Shi_1994_3266,
   author = "Jianbo Shi and Carlo Tomasi",
   title = "Good Features to Track",
   booktitle = "1994 IEEE Conference on Computer Vision and Pattern Recognition (CVPR'94)",
   pages = "593 - 600",
   year = "1994",
}

@inproceedings{Klingbeil11clutter_grasping,
   author = "Ellen Klingbeil and Deepak Drao and Blake Carpenter and Varun Ganapathi and Oussama Khatib and Andrew Y. Ng.",
   title = "Grasping with Application to an Autonomous Checkout Robot",
   booktitle = "In International Conference on Robotics and Automation (ICRA)",
   year = "2011",
}

@article{optical_flow_pca,
 author = {Liu, Kui and Du, Qian and Yang, He and Ma, Ben},
 title = {Optical flow and principal component analysis-based motion detection in outdoor videos},
 journal = {EURASIP J. Adv. Signal Process},
 issue_date = {February 2010},
 volume = {2010},
 month = {February},
 year = {2010},
 issn = {1110-8657},
 articleno = {1},
 numpages = {6},
 publisher = {Hindawi Publishing Corp.},
 address = {New York, NY, United States},
} 

@misc{Bouguet2002,
    annote = {KLT implementation in OpenCV},
    author = {Bouguet, Jean Y.},
    citeulike-article-id = {1987163},
    howpublished = {\url{Jean-Yves Bouguet}},
    keywords = {implementation},
    posted-at = {2007-11-26 15:56:14},
    priority = {1},
    title = {{Pyramidal Implementation of the Lucas Kanade Feature Tracker: Description of the algorithm}},
    year = {2002}
}

@inproceedings{bohg:iros10,
  title = {Attention based Active 3D Point Cloud Segmentation.},
  author = {Matthew Johnson-Roberson and Jeannette Bohg and M{\aa}rten Bj{\"o}rkman and Danica Kragic},
  booktitle = {Proceedings of the 2010 IEEE/RSJ
International Conference on Intelligent Robots and Systems},
adress={Taipei,Taiwan},
month=October,
  year = {2010}
}

@inproceedings{mapping11iros,
  title={Autonomous Semantic Mapping for Robots Performing  Everyday Manipulation Tasks in Kitchen Environments},
  author={Nico Blodow and Lucian Cosmin Goron and Zoltan-Csaba Marton and Dejan Pangercic and Thomas R\"uhr and Moritz Tenorth and Michael Beetz},
  booktitle={International Conference on Intelligent Robots and Systems (IROS)},
  year={2011},
  month = {September, 25--30},
  address = {San Francisco, CA, USA},
  bib2html_pubtype = {Conference Paper},
  bib2html_rescat  = {Perception, Models},
  bib2html_groups  = {EnvMod},
  bib2html_funding = {CoTeSys},
  bib2html_domain  = {Assistive Household}
}

@inproceedings{Katz-WS-MM-ICRA2011,
Author = {Dov Katz and Oliver Brock},
Title = {Interactive Segmentation of Articulated Objects in 3D},
Year = {2011},
Pages = {},
Booktitle = {Workshop on Mobile Manipulation at ICRA}
}

@inproceedings{Klappstein,
 author = {Klappstein, Jens and Vaudrey, Tobi and Rabe, Clemens and Wedel, Andreas and Klette, Reinhard},
 title = {Moving Object Segmentation Using Optical Flow and Depth Information},
 booktitle = {Proceedings of the 3rd Pacific Rim Symposium on Advances in Image and Video Technology},
 series = {PSIVT '09},
 year = {2008},
 isbn = {978-3-540-92956-7},
 location = {Tokyo, Japan},
 pages = {611--623},
 numpages = {13},
 acmid = {1506006},
 publisher = {Springer-Verlag},
 address = {Berlin, Heidelberg},
 keywords = {Motion detection, optical flow, segmentation, stereo},
} 


@inproceedings{Brox,
 author = {Brox, Thomas and Malik, Jitendra},
 title = {Object segmentation by long term analysis of point trajectories},
 booktitle = {Proceedings of the 11th European conference on Computer vision: Part V},
 series = {ECCV'10},
 year = {2010},
 isbn = {3-642-15554-5, 978-3-642-15554-3},
 location = {Heraklion, Crete, Greece},
 pages = {282--295},
 numpages = {14},
 acmid = {1888173},
 publisher = {Springer-Verlag},
 address = {Berlin, Heidelberg},
} 

@article{marton11ijrr,
title={{Combined 2D-3D Categorization and Classification for Multimodal Perception Systems}},
author={Zoltan Csaba Marton and Dejan Pangercic and Nico Blodow and Michael Beetz},
journal={The International Journal of Robotics Research},
year={2011},
publisher={Sage Publications},
bib2html_pubtype = {Journal},
bib2html_groups = {EnvMod, CoP},
bib2html_funding = {CoTeSys},
bib2html_rescat = {Perception, Models, Reasoning},
bib2html_domain = {Assistive Household}
}
@ARTICLE{ransac,
  AUTHOR={Fischler, Martin A. and Bolles, Robert C.},
  TITLE={Random Sample Consensus: A Paradigm for Model Fitting with Applications
     to Image Analysis and Automated Cartography},
  JOURNAL={Communications of the ACM},
  PAGES={381-395},
  NUMBER={6},
  VOLUME={24},
  YEAR={1981},

}

@MISC{WillowPR2,
  author = {{Willow Garage}},
  title = {{Personal Robot 2 (PR2)}},
  owner = {benjamin},
  timestamp = {2010.09.12},
  url = {www.willowgarage.com}
}
@article{mozos11furniture,
  title={{Furniture Models Learned from the WWW -- Using Web Catalogs to Locate and Categorize Unknown Furniture Pieces in 3D Laser Scans}},
  author={Oscar Martinez Mozos and Zoltan Csaba Marton and Michael Beetz},
  journal={Robotics \& Automation Magazine},
  volume={18},
  number={2},
  pages = {22--32},
  year={2011},
  publisher={IEEE}
}

@article{Lai_Fox_2010, 
title={Object Recognition in 3D Point Clouds Using Web Data and Domain Adaptation}, 
volume={29}, 
number={8}, 
journal={The International Journal of Robotics Research}, 
publisher={SAGE Publications}, 
author={Lai, K and Fox, D}, 
year={2010}, 
pages={1019--1037}
}
@inproceedings{soupofsegments,
 author               = {Tomasz Malisiewicz and Alexei A. Efros},
 booktitle            = {Proceedings of the British Machine Vision Conference},
 title                = {{Improving Spatial Support for Objects via Multiple Segmentations}},
 year                 = {2007}
}

@inproceedings{irosws11vosch,
  author    = {Asako Kanezaki and Zoltan-Csaba Marton and Dejan Pangercic and Tatsuya Harada and Yasuo Kuniyoshi and Michael Beetz},
  title     = {{Voxelized Shape and Color Histograms for RGB-D}},
  booktitle = {ASP 11 at IROS 2011},
  month = {September, 25--30},
  year = {2011},
  address = {San Francisco, CA, USA},
}
@INPROCEEDINGS{lai11db,
    author = {Kevin Lai and Liefeng Bo and Xiaofeng Ren and Dieter Fox},
    title = {A Large-Scale Hierarchical Multi-View RGB-D Object Dataset},
    booktitle = {International Conference on Robotics and Automation (ICRA)},
    year = {2011}
}

@article{Felzenszwalb,
 author = {Felzenszwalb, Pedro F. and Huttenlocher, Daniel P.},
 title = {Efficient Graph-Based Image Segmentation},
 journal = {Int. J. Comput. Vision},
 volume = {59},
 number = {2},
 year = {2004},
 issn = {0920-5691},
 pages = {167--181},
 doi = {http://dx.doi.org/10.1023/B:VISI.0000022288.19776.77},
 publisher = {Kluwer Academic Publishers},
 address = {Hingham, MA, USA},
 }

@article{RGBRegionGrowing,
author = {Qingming Zhan and Yubin Liang and Yinghui Xiao},
title = {Color-Based Segmentation of Point Clouds},
booktitle = {Laserscanning'09 ISPRS Workshop},
year = {2009},
}

@InProceedings{iros10kcopman,
  author  = {Dejan Pangercic and Moritz Tenorth and Dominik Jain and Michael Beetz},
  title = {{Combining Perception and Knowledge Processing for Everyday Manipulation}},
  booktitle = {International Conference on Intelligent Robots and Systems (IROS)},
  pages = {1065-1071},
  year = {2010},
  month     = {October 18-22},
  address   = {Taipei, Taiwan},
  bib2html_groups = {K4C,ProbCog,Cop},
  bib2html_pubtype = {Conference Paper},
  bib2html_rescat  = {Perception, Models},
  bib2html_funding = {CoTeSys},
  bib2html_domain  = {Assistive Household}
}

@InProceedings{ sturm10rss-workshop,
	TITLE = "{3D} Pose Estimation, Tracking and Model Learning of Articulated Objects from Dense Depth Video using Projected Texture Stereo",
	AUTHOR = "J. Sturm and K. Konolige and C. Stachniss and W. Burgard",
	BOOKTITLE = "Advanced Reasoning with Depth Cameras at the Robotics: (RSS10)",
	ADDRESS = "Zaragoze, Spain",
	YEAR = "2010",
	MONTH = "June",
titleurl = {sturm10rss.pdf},
topic={articulated-objects},
}

@article{Box11Saxena,
  author    = {Heran Yang and
               Tiffany Low and
               Matthew Cong and
               Ashutosh Saxena},
  title     = {Inferring 3D Articulated Models for Box Packaging Robot},
  journal   = {CoRR},
  volume    = {abs/1106.4632},
  year      = {2011}
}

@TechReport{dtw,
	    title = "Dynamic Time Warping Algorithm Review",
	    author = "Pavel Senin",
	    institution = "Information and Computer Science Department University of Hawaii",
	    address = "Manoa Honolulu, USA",
	    number = "CSDL 08-04",
	    month = "December",
	    year = "2008"
	}
@INPROCEEDINGS{asICCV2009, 
	      author = {Mishra, Ajay K. and Aloimonos, Yiannis},
	      title = {Active Segmentation With Fixation},
	      booktitle = {ICCV},
	      year = {2009}
}

@INCOLLECTION{Pogor,
  author={David W. Jacobs},
  title= {{Perceptual Organization As Generic Object Recognition}},
  booktitle = {From Fragments to Objects - Segmentation and Grouping in Vision},  
  chapter={IV. Models Of Segmentation And Grouping},
  pages={295--329},
  year={2001}
}

@incollection{infants,
  author={Leslie B. Cohen and Cara H. Cashon},
  title= {{Infant Perception and Cognition}},
  booktitle = {Comprehensive Handbook of Psychology, Volume 6: Developmental Psychology},
  chapter={II. Infancy},
  publisher={Wiley and Sons},
  pages={65--89},
  year={2003}
}

@misc{kinect_accuracy,
title = {Precision of the Kinect sensor},
url = {http://www.ros.org/wiki/openni_kinect/kinect_accuracy}}
